<?xml version="1.0" encoding="UTF-8"?><collection xmlns="http://www.loc.gov/MARC21/slim"><record><leader>00333nam--2200121-i-4500</leader><controlfield tag="001">000016526</controlfield><controlfield tag="002">20161230</controlfield><controlfield tag="005">20161230201031</controlfield><controlfield tag="008">060222s1000------------r-----000-0-eng-d</controlfield><datafield ind1=" " ind2=" " tag="080"><subfield code="a">061.62(51):001.891:621.039</subfield></datafield><datafield ind1=" " ind2=" " tag="245"><subfield code="a">China institute of atomic energy. annual report 1994</subfield></datafield><datafield ind1=" " ind2=" " tag="260"><subfield code="a">Beijing, China Ocean Press, 1989-</subfield></datafield><datafield ind1=" " ind2=" " tag="852"><subfield code="a">70560</subfield></datafield></record></collection>